@book{Podgorsak2005,
  author    = {E. B. Podgorsak},
  title     = {Radiation Oncology Physics: A Handbook for Teachers and Students},
  year      = {2005},
  publisher = {International Atomic Energy Agency},
  address   = {Vienna},
  url       = {http://www.iaea.org/books}
}
@misc{cmam_uam_2023,
  author ={.},    
  title = {Líneas de Haz-CMAM},
  howpublished = {\url{https://www.cmam.uam.es/es/instalaciones/lineas-de-haz/}},
  year = {2023},
  note = {Último acceso: 17/03/2025}
}
@book{podgorsak2022,
  author    = {Ervin B. Podgoršak},
  title     = {Radiation Physics for Medical Physicists},
  edition   = {3rd},
  year      = {2022},
  publisher = {Springer},
  series    = {Graduate Texts in Physics},
  address   = {Cham},
  isbn      = {978-3-030-86753-8}
}

@book{khan,
  title        = {Khan's The Physics of Radiation Therapy},
  author       = {Faiz M. Khan and John P. Gibbons},
  edition      = {5},
  year         = {2014},
  publisher    = {Lippincott Williams \& Wilkins, a Wolters Kluwer business},
  address      = {Philadelphia, PA},
  isbn         = {9781451182453},
  note         = {Professor Emeritus, Department of Radiation Oncology, University of Minnesota Medical School; Chief of Clinical Physics, Mary Bird Perkins Cancer Center}
}
@article{chen2017titulo,
  author    = {Helen H. W. Chen and Marcus Tien Kuo},
  title     = {Título del artículo},
  journal   = {Oncotarget},
  volume    = {8},
  number    = {37},
  pages     = {62742--62758},
  year      = {2017}
}
@article{jones1999lack,
  author    = {Donna S. Jones and Sally E. McNagny and Mark V. Williams},
  title     = {Lack of a regular source of care among children using a public hospital emergency department},
  journal   = {Pediatric Emergency Care},
  volume    = {15},
  number    = {1},
  pages     = {13--16},
  year      = {1999}
}
@article{bortfeld1997,
  author    = {Thomas Bortfeld},
  title     = {An analytical approximation of the Bragg curve for therapeutic proton beams},
  journal   = {Medical Physics},
  volume    = {24},
  number    = {12},
  pages     = {2024--2033},
  year      = {1997}
}
@article{bras2024in,
  author    = {Mariana Brás and Hugo Freitas and Patrícia Gonçalves and João Seco and Joana Vaz and Pedro Vaz and Pedro Almeida},
  title     = {In vivo dosimetry for proton therapy: A Monte Carlo study of the gadolinium spectral response throughout the course of treatment},
  journal   = {Medical Physics},
  volume    = {51},
  number    = {1},
  pages     = {123--134},
  year      = {2024}
}
@article{parceriza,
  author    = {Samuel España and Daniel Sánchez-Parcerisa and Paloma Bragado and Álvaro Gutiérrez-Uzquiza and Almudena Porras and Carolina Gutiérrez-Neira and Andrea Espinosa and Víctor V. Onecha and Paula Ibáñez and Víctor Sánchez Tembleque and José M. Udías and Luis M. Fraile},
  title     = {In vivo production of fluorine-18 in a chicken egg tumor model of breast cancer for proton therapy range verification},
  journal   = {Scientific Reports},
  volume    = {12},
  year      = {2022}
}
@article{espana2021,
  author    = {Samuel España and Daniel Sánchez-Parcerisa and Paula Ibáñez and Víctor Sánchez-Tembleque and Jose Manuel Udías and Víctor V. Onecha and Álvaro Gutiérrez-Uzquiza and Claus Maximilian Bäcker and Christian Bäumer and Ken Herrmann and Pedro Fragoso Costa and Beate Timmermann and Luis Mario Fraile},
  title     = {Direct proton range verification using oxygen-18 enriched water as a contrast agent},
  journal   = {Radiation Physics and Chemistry},
  volume    = {182},
  pages     = {109385},
  year      = {2021}
}
@phdthesis{unal2014,
    author    = {Adriana Quiroga},
    title     = {Diseño y construcción de un sistema de irradiación con haces de electrones para aplicaciones industriales},
    school    = {Universidad Nacional de Colombia},
    year      = {2014},
    type      = {Tesis doctoral},
    url       = {https://repositorio.unal.edu.co/bitstream/handle/unal/75014/adrianaquiroga.2014.pdf?sequence=1&isAllowed=y},
    urldate   = {2023-11-15},  % Reemplaza con la fecha de acceso actual
    address   = {Bogotá, Colombia},
    language  = {es}
}
@article{fotoelectrico,
  author       = {Scofield, J. H.},
  title        = {Relativistic Hartree–Slater Values for K‐ and L‐Shell Photoelectric Absorption Coefficients},
  journal      = {Atomic Data and Nuclear Data Tables},
  volume       = {14},
  number       = {4},
  pages        = {121--137},
  year         = {1974},
  doi          = {10.1016/S0092-640X(74)80010-0}
}
@misc{IAEA_Dosimetry,
  author       = {{International Atomic Energy Agency}},
  title        = {Dosimetry},
  howpublished = {IAEA Human Health Campus – Medical Physics, Radiotherapy},
  year         = {n.d.},
  url          = {https://www.iaea.org/resources/hhc/medical-physics/radiotherapy/dosimetry},
  urldate      = {2025-06-07},
}
